@Misc{OnlineOverleaf,
	author = {Overleaf},
	title = {Learn LaTeX in 30 minutes},
	howpublished = {[online]},
	note = {[vid. 2023-04-17]},
	url = {https://www.overleaf.com/learn/latex/Learn_LaTeX_in_30_minutes},
}

@MastersThesis{DiplPracSokol,
    author = {Sokol, Miroslav},
    title = {Online LaTeX editor},
    publisher = {Vysoké učení technické v Brně. Fakulta informačních technologií},
    school = {Vysoké učení technické v Brně. Fakulta informačních technologií},
    year = {2012},
    keywords = {LaTex; bohatá internetová aplikace; RIA; editor; ASP.NET; C#; javascript; online; grafické uživatelské rozhraní; klient; kompilátor.; Latex; rich internet application; graphical user interface; client; compiler.},
}

@Misc{OnlineWyswing,
	author = {Štráfelda ,Jan},
	title = {WYSIWYG editor},
	howpublished = {[online]},
	note = {[vid. 2023-04-17]},
	url = {https://www.strafelda.cz/wysiwyg},
}

@Book{KnihaRybicka,
	author = {Rybička, Jiří},
	title = {LaTeX pro začátečníky},
	chapter = {Základní informace},
	publisher = {Konvoj},
	address = {Brno},
	year = {2003},
	edition = {3},
	ISBN = {80-7302-049-1},
}

@book{KnihaLearningLatex,
    title = {Learning LaTeX},
    author = {David Griffiths and Desmond Higham},
    publisher = {Society for Industrial and Applied Mathematics},
    isbn = {978-1611974416},
    year = {2016},
    edition = {2nd edition},
    address = {USA},
    keywords = {mathematics printing, data processing, LaTeX, computerized typesetting},
}

@Misc{OnlineDavidek,
	author = {Davidek ,Kryštof},
	title = {LaTeX ‒ Co, proč a jak},
	howpublished = {[online]},
	note = {[vid. 2023-04-17]},
	url = {https://medium.com/edtech-kisk/latex-co-proč-a-jak-a4c1f4641616},
}

@MastersThesis{DiplPracBartlik,
    author = {Bartlík, Jakub},
    title = {Šablony odborných prací pro LaTeX},
    publisher = {Vysoká škola ekonomická v Praze},
    school = {Vysoká škola ekonomická v Praze},
    year = {2017},
    copyright = {Vysokoškolské kvalifikační práce obhájené na VŠE jsou veřejně dostupné online. https://knihovna.vse.cz/navody/vskp Theses and disertations defended at University of Economics, Prague are freely available online. https://knihovna.vse.cz/navody/vskp},
    keywords = {LaTeX, Template, VŠE, technical documentation, Texmaker, bachelor thesis ; Master thesis, command, references ; TeXmaker, bakalářská práce, odborná práce, diplomová práce ; typesetting system, content, dissertation ; zdroj, sázecí systém, obsah ; Šablona, VŠE, Odborná literatura},
}

@Article{CasopisZpravodajOlsak,
	author = {Olšák, Petr},
	title = {TeX in a Nutshell},
	journal = {Zpravodaj Československého sdružení uživatelů TeXu},
	volume = {31},
	number = {1\,--\,4},
	pages = {23\,--\,24},
	year = {2021},
	ISSN = {1211-6661},
}

@article{ClanokSkanovanie,
	author = {Ozcan OKSÜZ and Uğur GÜDÜKBAY and A. Enis ÇETIN},
	title = {A video-based text and equation editor for LaTeX},
	journal = {Engineering Applications of Artificial Intelligence},
	volume = {21},
	number = {6},
	pages = {952\,--\,960},
	year = {2008},
	ISSN = {0952-1976},
}

@Article{ClanokZpravodajLuptak,
	author = {Lupták, David},
	title = {Sazba bibliografie podľa normy ISO 690 v systému \LaTeX},
	journal = {Zpravodaj Československého sdružení uživatelů TeXu},
	volume = {26},
	number = {1\,--\,4},
	pages = {107-110},
	year = {2016},
	ISSN = {1211-6661},
}